@article{Lamport:1982:BGP:357172.357176,
 author = {Lamport, Leslie and Shostak, Robert and Pease, Marshall},
 title = {The Byzantine Generals Problem},
 journal = {ACM Trans. Program. Lang. Syst.},
 issue_date = {July 1982},
 volume = {4},
 number = {3},
 month = jul,
 year = {1982},
 issn = {0164-0925},
 pages = {382--401},
 numpages = {20},
 url = {http://doi.acm.org/10.1145/357172.357176},
 doi = {10.1145/357172.357176},
 acmid = {357176},
 publisher = {ACM},
 address = {New York, NY, USA},
} 

@article{Castro:2002:PBF:571637.571640,
 author = {Castro, Miguel and Liskov, Barbara},
 title = {Practical byzantine fault tolerance and proactive recovery},
 journal = {ACM Trans. Comput. Syst.},
 issue_date = {November 2002},
 volume = {20},
 number = {4},
 month = nov,
 year = {2002},
 issn = {0734-2071},
 pages = {398--461},
 numpages = {64},
 url = {http://doi.acm.org/10.1145/571637.571640},
 doi = {10.1145/571637.571640},
 acmid = {571640},
 publisher = {ACM},
 address = {New York, NY, USA},
 keywords = {Byzantine fault tolerance, asynchronous systems, proactive recovery, state machine replication, state transfer},
} 


@article{Pease:1980:RAP:322186.322188,
 author = {Pease, M. and Shostak, R. and Lamport, L.},
 title = {Reaching Agreement in the Presence of Faults},
 journal = {J. ACM},
 issue_date = {April 1980},
 volume = {27},
 number = {2},
 month = apr,
 year = {1980},
 issn = {0004-5411},
 pages = {228--234},
 numpages = {7},
 url = {http://doi.acm.org/10.1145/322186.322188},
 doi = {10.1145/322186.322188},
 acmid = {322188},
 publisher = {ACM},
 address = {New York, NY, USA},
} 

@MISC{Lampson79crashrecovery,
    author = {Butler W. Lampson and Howard E. Sturgis},
    title = {Crash Recovery in a Distributed Data Storage System},
    year = {1979}
}

@MISC{raft,
    author = {Diego Ongaro and John Ousterhout},
    title = {In Search of an Understandable Consensus Algorithm},
    year = {2014}
}


@book{Bernstein:1987:CCR:12518,
 author = {Bernstein, Philip A. and Hadzilacos, Vassco and Goodman, Nathan},
 title = {Concurrency Control and Recovery in Database Systems},
 year = {1987},
 isbn = {0-201-10715-5},
 publisher = {Addison-Wesley Longman Publishing Co., Inc.},
 address = {Boston, MA, USA},
} 

@article{Skeen:1983:FMC:1313337.1313750,
 author = {Skeen, D. and Stonebraker, M.},
 title = {A Formal Model of Crash Recovery in a Distributed System},
 journal = {IEEE Trans. Softw. Eng.},
 issue_date = {May 1983},
 volume = {9},
 number = {3},
 month = may,
 year = {1983},
 issn = {0098-5589},
 pages = {219--228},
 numpages = {10},
 url = {http://dx.doi.org/10.1109/TSE.1983.236608},
 doi = {10.1109/TSE.1983.236608},
 acmid = {1313750},
 publisher = {IEEE Press},
 address = {Piscataway, NJ, USA},
 keywords = {Commit protocols, crash recovery, distributed database systems, distributed systems, fault tolerance, transaction management, transaction management, Commit protocols, crash recovery, distributed database systems, distributed systems, fault tolerance},
}

@article{Schneider:1990:IFS:98163.98167,
 author = {Schneider, Fred B.},
 title = {Implementing Fault-tolerant Services Using the State Machine Approach: A Tutorial},
 journal = {ACM Comput. Surv.},
 issue_date = {Dec. 1990},
 volume = {22},
 number = {4},
 month = dec,
 year = {1990},
 issn = {0360-0300},
 pages = {299--319},
 numpages = {21},
 url = {http://doi.acm.org/10.1145/98163.98167},
 doi = {10.1145/98163.98167},
 acmid = {98167},
 publisher = {ACM},
 address = {New York, NY, USA},
} 


@article{Fischer:1985:IDC:3149.214121,
 author = {Fischer, Michael J. and Lynch, Nancy A. and Paterson, Michael S.},
 title = {Impossibility of distributed consensus with one faulty process},
 journal = {J. ACM},
 issue_date = {April 1985},
 volume = {32},
 number = {2},
 month = apr,
 year = {1985},
 issn = {0004-5411},
 pages = {374--382},
 numpages = {9},
 url = {http://doi.acm.org/10.1145/3149.214121},
 doi = {10.1145/3149.214121},
 acmid = {214121},
 publisher = {ACM},
 address = {New York, NY, USA},
} 

@article{Lamport:1998:PP:279227.279229,
 author = {Lamport, Leslie},
 title = {The part-time parliament},
 journal = {ACM Trans. Comput. Syst.},
 issue_date = {May 1998},
 volume = {16},
 number = {2},
 month = may,
 year = {1998},
 issn = {0734-2071},
 pages = {133--169},
 numpages = {37},
 url = {http://doi.acm.org/10.1145/279227.279229},
 doi = {10.1145/279227.279229},
 acmid = {279229},
 publisher = {ACM},
 address = {New York, NY, USA},
 keywords = {state machines, three-phase commit, voting},
} 

@article{lamport01paxos,
    author = {Lamport, Leslie},
    citeulike-article-id = {541278},
    journal = {ACM SIGACT News},
    keywords = {bibtex-import},
    month = dec,
    number = {4},
    pages = {18--25},
    posted-at = {2006-03-09 04:35:31},
    priority = {2},
    title = {{P}axos Made Simple},
    volume = {32},
    year = {2001}
}



@article{Dijkstra:1974:SSS:361179.361202,
 author = {Dijkstra, Edsger W.},
 title = {Self-stabilizing systems in spite of distributed control},
 journal = {Commun. ACM},
 issue_date = {Nov. 1974},
 volume = {17},
 number = {11},
 month = nov,
 year = {1974},
 issn = {0001-0782},
 pages = {643--644},
 numpages = {2},
 url = {http://doi.acm.org/10.1145/361179.361202},
 doi = {10.1145/361179.361202},
 acmid = {361202},
 publisher = {ACM},
 address = {New York, NY, USA},
 keywords = {distributed control, error recovery, harmonious cooperation, multiprocessing, mutual exclusion, networks, robustness, self-repair, self-stabilization, sharing, synchronization},
} 




@article{Lamport:1978:TCO:359545.359563,
 author = {Lamport, Leslie},
 title = {Time, clocks, and the ordering of events in a distributed system},
 journal = {Commun. ACM},
 issue_date = {July 1978},
 volume = {21},
 number = {7},
 month = jul,
 year = {1978},
 issn = {0001-0782},
 pages = {558--565},
 numpages = {8},
 url = {http://doi.acm.org/10.1145/359545.359563},
 doi = {10.1145/359545.359563},
 acmid = {359563},
 publisher = {ACM},
 address = {New York, NY, USA},
 keywords = {clock synchronization, computer networks, distributed systems, multiprocess systems},
} 

@INPROCEEDINGS{Mattern89virtualtime,
    author = {Friedemann Mattern},
    title = {Virtual Time and Global States of Distributed Systems},
    booktitle = {Parallel and Distributed Algorithms},
    year = {1989},
    pages = {215--226},
    publisher = {North-Holland}
}

@article{Fidge_1988,
  added-at = {2012-01-14T13:04:26.000+0100},
  author = {Fidge, C. J.},
  biburl = {http://www.bibsonomy.org/bibtex/2cc829c490de6ff6203758943b4d3ca84/nosebrain},
  description = {Timestamps in message-passing systems that preserve the partial ordering | Mendeley},
  interhash = {27bbdd2f31ec6e29b97770b3e017cddc},
  intrahash = {cc829c490de6ff6203758943b4d3ca84},
  journal = {Proceedings of the 11th Australian Computer Science Conference},
  keywords = {clock sys:hidden:my:bachelor vector},
  number = 1,
  pages = {56â€“66},
  timestamp = {2012-01-14T13:04:26.000+0100},
  title = {Timestamps in message-passing systems that preserve the partial ordering},
  url = {http://sky.scitech.qut.edu.au/~fidgec/Publications/fidge88a.pdf},
  volume = 10,
  year = 1988
}

@article{Ramanathan:1990:FCS:101838.101842,
 author = {Ramanathan, Parameswaran and Shin, Kang G. and Butler, Ricky W.},
 title = {Fault-Tolerant Clock Synchronization in Distributed Systems},
 journal = {Computer},
 issue_date = {October 1990},
 volume = {23},
 number = {10},
 month = oct,
 year = {1990},
 issn = {0018-9162},
 pages = {33--42},
 numpages = {10},
 url = {http://dx.doi.org/10.1109/2.58235},
 doi = {10.1109/2.58235},
 acmid = {101842},
 publisher = {IEEE Computer Society Press},
 address = {Los Alamitos, CA, USA},
} 


@inproceedings{Mills:1994:IAS:190314.190343,
 author = {Mills, David L.},
 title = {Improved Algorithms for Synchronizing Computer Network Clocks},
 booktitle = {Proceedings of the Conference on Communications Architectures, Protocols and Applications},
 series = {SIGCOMM '94},
 year = {1994},
 isbn = {0-89791-682-4},
 location = {London, United Kingdom},
 pages = {317--327},
 numpages = {11},
 url = {http://doi.acm.org/10.1145/190314.190343},
 doi = {10.1145/190314.190343},
 acmid = {190343},
 publisher = {ACM},
 address = {New York, NY, USA},
} 

@article{Mills:1994:IAS:190809.190343,
 author = {Mills, David L.},
 title = {Improved Algorithms for Synchronizing Computer Network Clocks},
 journal = {SIGCOMM Comput. Commun. Rev.},
 issue_date = {Oct. 1994},
 volume = {24},
 number = {4},
 month = oct,
 year = {1994},
 issn = {0146-4833},
 pages = {317--327},
 numpages = {11},
 url = {http://doi.acm.org/10.1145/190809.190343},
 doi = {10.1145/190809.190343},
 acmid = {190343},
 publisher = {ACM},
 address = {New York, NY, USA},
} 



@article{Lamport:1985:SPU:858336.858339,
 author = {Lamport, Leslie},
 title = {Solved problems, unsolved problems and non-problems in concurrency},
 journal = {SIGOPS Oper. Syst. Rev.},
 issue_date = {October 1985},
 volume = {19},
 number = {4},
 month = oct,
 year = {1985},
 issn = {0163-5980},
 pages = {34--44},
 numpages = {11},
 url = {http://doi.acm.org/10.1145/858336.858339},
 doi = {10.1145/858336.858339},
 acmid = {858339},
 publisher = {ACM},
 address = {New York, NY, USA},
} 

@article{Gilbert:2002:BCF:564585.564601,
 author = {Gilbert, Seth and Lynch, Nancy},
 title = {Brewer's conjecture and the feasibility of consistent, available, partition-tolerant web services},
 journal = {SIGACT News},
 issue_date = {June 2002},
 volume = {33},
 number = {2},
 month = jun,
 year = {2002},
 issn = {0163-5700},
 pages = {51--59},
 numpages = {9},
 url = {http://doi.acm.org/10.1145/564585.564601},
 doi = {10.1145/564585.564601},
 acmid = {564601},
 publisher = {ACM},
 address = {New York, NY, USA},
} 

@inproceedings{Lynch:1989:HIP:72981.72982,
 author = {Lynch, N.},
 title = {A hundred impossibility proofs for distributed computing},
 booktitle = {Proceedings of the eighth annual ACM Symposium on Principles of distributed computing},
 series = {PODC '89},
 year = {1989},
 isbn = {0-89791-326-4},
 location = {Edmonton, Alberta, Canada},
 pages = {1--28},
 numpages = {28},
 url = {http://doi.acm.org/10.1145/72981.72982},
 doi = {10.1145/72981.72982},
 acmid = {72982},
 publisher = {ACM},
 address = {New York, NY, USA},
} 


@article{Dolev:1987:MSN:7531.7533,
 author = {Dolev, Danny and Dwork, Cynthia and Stockmeyer, Larry},
 title = {On the Minimal Synchronism Needed for Distributed Consensus},
 journal = {J. ACM},
 issue_date = {Jan. 1987},
 volume = {34},
 number = {1},
 month = jan,
 year = {1987},
 issn = {0004-5411},
 pages = {77--97},
 numpages = {21},
 url = {http://doi.acm.org/10.1145/7531.7533},
 doi = {10.1145/7531.7533},
 acmid = {7533},
 publisher = {ACM},
 address = {New York, NY, USA},
} 


@inproceedings{Burrows:2006:CLS:1298455.1298487,
 author = {Burrows, Mike},
 title = {The Chubby lock service for loosely-coupled distributed systems},
 booktitle = {Proceedings of the 7th symposium on Operating systems design and implementation},
 series = {OSDI '06},
 year = {2006},
 isbn = {1-931971-47-1},
 location = {Seattle, Washington},
 pages = {335--350},
 numpages = {16},
 url = {http://dl.acm.org/citation.cfm?id=1298455.1298487},
 acmid = {1298487},
 publisher = {USENIX Association},
 address = {Berkeley, CA, USA},
} 

@inproceedings{Chandra:2007:PML:1281100.1281103,
 author = {Chandra, Tushar D. and Griesemer, Robert and Redstone, Joshua},
 title = {Paxos made live: an engineering perspective},
 booktitle = {Proceedings of the twenty-sixth annual ACM symposium on Principles of distributed computing},
 series = {PODC '07},
 year = {2007},
 isbn = {978-1-59593-616-5},
 location = {Portland, Oregon, USA},
 pages = {398--407},
 numpages = {10},
 url = {http://doi.acm.org/10.1145/1281100.1281103},
 doi = {10.1145/1281100.1281103},
 acmid = {1281103},
 publisher = {ACM},
 address = {New York, NY, USA},
 keywords = {Paxos, experiences, fault-tolerance, implementation},
} 

@inproceedings{Chang:2006:BDS:1267308.1267323,
 author = {Chang, Fay and Dean, Jeffrey and Ghemawat, Sanjay and Hsieh, Wilson C. and Wallach, Deborah A. and Burrows, Mike and Chandra, Tushar and Fikes, Andrew and Gruber, Robert E.},
 title = {Bigtable: a distributed storage system for structured data},
 booktitle = {Proceedings of the 7th USENIX Symposium on Operating Systems Design and Implementation - Volume 7},
 series = {OSDI '06},
 year = {2006},
 location = {Seattle, WA},
 pages = {15--15},
 numpages = {1},
 url = {http://dl.acm.org/citation.cfm?id=1267308.1267323},
 acmid = {1267323},
 publisher = {USENIX Association},
 address = {Berkeley, CA, USA},
} 

@article{Dean:2008:MSD:1327452.1327492,
 author = {Dean, Jeffrey and Ghemawat, Sanjay},
 title = {MapReduce: simplified data processing on large clusters},
 journal = {Commun. ACM},
 issue_date = {January 2008},
 volume = {51},
 number = {1},
 month = jan,
 year = {2008},
 issn = {0001-0782},
 pages = {107--113},
 numpages = {7},
 url = {http://doi.acm.org/10.1145/1327452.1327492},
 doi = {10.1145/1327452.1327492},
 acmid = {1327492},
 publisher = {ACM},
 address = {New York, NY, USA},
} 

@inproceedings{DeCandia:2007:DAH:1294261.1294281,
 author = {DeCandia, Giuseppe and Hastorun, Deniz and Jampani, Madan and Kakulapati, Gunavardhan and Lakshman, Avinash and Pilchin, Alex and Sivasubramanian, Swaminathan and Vosshall, Peter and Vogels, Werner},
 title = {Dynamo: amazon's highly available key-value store},
 booktitle = {Proceedings of twenty-first ACM SIGOPS symposium on Operating systems principles},
 series = {SOSP '07},
 year = {2007},
 isbn = {978-1-59593-591-5},
 location = {Stevenson, Washington, USA},
 pages = {205--220},
 numpages = {16},
 url = {http://doi.acm.org/10.1145/1294261.1294281},
 doi = {10.1145/1294261.1294281},
 acmid = {1294281},
 publisher = {ACM},
 address = {New York, NY, USA},
 keywords = {performance, reliability, scalability},
} 

@article{Lakshman:2010:CDS:1773912.1773922,
 author = {Lakshman, Avinash and Malik, Prashant},
 title = {Cassandra: a decentralized structured storage system},
 journal = {SIGOPS Oper. Syst. Rev.},
 issue_date = {April 2010},
 volume = {44},
 number = {2},
 month = apr,
 year = {2010},
 issn = {0163-5980},
 pages = {35--40},
 numpages = {6},
 url = {http://doi.acm.org/10.1145/1773912.1773922},
 doi = {10.1145/1773912.1773922},
 acmid = {1773922},
 publisher = {ACM},
 address = {New York, NY, USA},
} 

@inproceedings{Corbett:2012:SGG:2387880.2387905,
 author = {Corbett, James C. and Dean, Jeffrey and Epstein, Michael and Fikes, Andrew and Frost, Christopher and Furman, J. J. and Ghemawat, Sanjay and Gubarev, Andrey and Heiser, Christopher and Hochschild, Peter and Hsieh, Wilson and Kanthak, Sebastian and Kogan, Eugene and Li, Hongyi and Lloyd, Alexander and Melnik, Sergey and Mwaura, David and Nagle, David and Quinlan, Sean and Rao, Rajesh and Rolig, Lindsay and Saito, Yasushi and Szymaniak, Michal and Taylor, Christopher and Wang, Ruth and Woodford, Dale},
 title = {Spanner: Google's Globally-distributed Database},
 booktitle = {Proceedings of the 10th USENIX Conference on Operating Systems Design and Implementation},
 series = {OSDI'12},
 year = {2012},
 isbn = {978-1-931971-96-6},
 location = {Hollywood, CA, USA},
 pages = {251--264},
 numpages = {14},
 url = {http://dl.acm.org/citation.cfm?id=2387880.2387905},
 acmid = {2387905},
 publisher = {USENIX Association},
 address = {Berkeley, CA, USA},
} 

@inproceedings{Ghemawat:2003:GFS:945445.945450,
 author = {Ghemawat, Sanjay and Gobioff, Howard and Leung, Shun-Tak},
 title = {The Google File System},
 booktitle = {Proceedings of the Nineteenth ACM Symposium on Operating Systems Principles},
 series = {SOSP '03},
 year = {2003},
 isbn = {1-58113-757-5},
 location = {Bolton Landing, NY, USA},
 pages = {29--43},
 numpages = {15},
 url = {http://doi.acm.org/10.1145/945445.945450},
 doi = {10.1145/945445.945450},
 acmid = {945450},
 publisher = {ACM},
 address = {New York, NY, USA},
 keywords = {clustered storage, data storage, fault tolerance, scalability},
} 

@article{Ghemawat:2003:GFS:1165389.945450,
 author = {Ghemawat, Sanjay and Gobioff, Howard and Leung, Shun-Tak},
 title = {The Google File System},
 journal = {SIGOPS Oper. Syst. Rev.},
 issue_date = {December 2003},
 volume = {37},
 number = {5},
 month = oct,
 year = {2003},
 issn = {0163-5980},
 pages = {29--43},
 numpages = {15},
 url = {http://doi.acm.org/10.1145/1165389.945450},
 doi = {10.1145/1165389.945450},
 acmid = {945450},
 publisher = {ACM},
 address = {New York, NY, USA},
 keywords = {clustered storage, data storage, fault tolerance, scalability},
} 



@inproceedings{Stoica:2001:CSP:383059.383071,
 author = {Stoica, Ion and Morris, Robert and Karger, David and Kaashoek, M. Frans and Balakrishnan, Hari},
 title = {Chord: A Scalable Peer-to-peer Lookup Service for Internet Applications},
 booktitle = {Proceedings of the 2001 Conference on Applications, Technologies, Architectures, and Protocols for Computer Communications},
 series = {SIGCOMM '01},
 year = {2001},
 isbn = {1-58113-411-8},
 location = {San Diego, California, USA},
 pages = {149--160},
 numpages = {12},
 url = {http://doi.acm.org/10.1145/383059.383071},
 doi = {10.1145/383059.383071},
 acmid = {383071},
 publisher = {ACM},
 address = {New York, NY, USA},
} 

@article{Stoica:2001:CSP:964723.383071,
 author = {Stoica, Ion and Morris, Robert and Karger, David and Kaashoek, M. Frans and Balakrishnan, Hari},
 title = {Chord: A Scalable Peer-to-peer Lookup Service for Internet Applications},
 journal = {SIGCOMM Comput. Commun. Rev.},
 issue_date = {October 2001},
 volume = {31},
 number = {4},
 month = aug,
 year = {2001},
 issn = {0146-4833},
 pages = {149--160},
 numpages = {12},
 url = {http://doi.acm.org/10.1145/964723.383071},
 doi = {10.1145/964723.383071},
 acmid = {383071},
 publisher = {ACM},
 address = {New York, NY, USA},
} 


@inproceedings{Rowstron:2001:PSD:646591.697650,
 author = {Rowstron, Antony I. T. and Druschel, Peter},
 title = {Pastry: Scalable, Decentralized Object Location, and Routing for Large-Scale Peer-to-Peer Systems},
 booktitle = {Proceedings of the IFIP/ACM International Conference on Distributed Systems Platforms Heidelberg},
 series = {Middleware '01},
 year = {2001},
 isbn = {3-540-42800-3},
 pages = {329--350},
 numpages = {22},
 url = {http://dl.acm.org/citation.cfm?id=646591.697650},
 acmid = {697650},
 publisher = {Springer-Verlag},
 address = {London, UK, UK},
} 

@MISC{bitcoin,
    author = {Satoshi Nakamoto},
    title = {Bitcoin: A Peer-to-Peer Electronic Cash System},
    year = {2008}
}